@Book{CLRS,
  author = 	 {Cormen, Thomas H. and Leiserson, Charles E. and
                  Rivest, Ronald L. and Stein, Clifford},
  title = 	 {Introduction to Algorithms},
  publisher = 	 {The MIT Press},
  edition = 	 {3rd},
  year = 	 {2009},
}

@electronic{KALIDEBIAN,
  author = {Offensive Security},
  title = {Kaliâ€™s Relationship With Debian},
  url = {http://docs.kali.org/policy/kali-linux-relationship-with-debian}
}

